
@book{IEEE:citation,
author={IEEE},
title={IEEE Citation Reference},
edition={1},
url={http://www.ieee.org/documents/ieeecitationref.pdf},
urldate={2016-9-26},
publisher={IEEE Publications},
year={2016}
},

@misc{CIAA,
  author = {{Proyecto CIAA}},
  title = {Computadora Industrial Abierta Argentina},
  url = {http://proyecto-ciaa.com.ar/},
  note = {Disponible: 2018-11-29},
  year = {2013}
}

@misc{ACSE,
  author = {{ACSE}},
  title = {Asociación Civil para la investigación, promoción y desarrollo de los Sistemas electrónicos Embebidos},
  url = {http://www.sase.com.ar/asociacion-civil-sistemas-embebidos/},
  note = {Disponible: 2018-11-29},
  year = {2011}
}

@misc{CADIEEL,
  author = {{CADIEEL}},
  title = {Cámara Argentina de Industrias Electrónicas, Electromecánicas y Luminotécnicas},
  url = {https://www.cadieel.org.ar/},
  note = {Disponible: 2018-11-29},
  year = {2004}
}

@misc{GIT,
  author = {{Git}},
  title = {Sistema de control de versiones distribuido de código abierto y gratuito, diseñado por Linus Torvalds.},
  url = {https://git-scm.com/},
  note = {Disponible: 2018-11-29},
  year = {2005}
}

@misc{GITHUB,
  author = {{Github}},
  title = {Servidor de repositorios Git},
  url = {https://github.com/}},
  note = {Disponible: 2018-11-29},
  year = {2004}
}

@misc{MARKDOWN,
  author = {{Markdown}},
  title = {Lenguaje de marcado ligero creado por John Gruber},
  url = {https://github.com/adam-p/markdown-here/wiki/Markdown-Cheatsheet},
  note = {Disponible: 2018-11-29},
  year = {2004}
}

@misc{CESE,
  author = {{Markdown}},
  title = {Carrera de Especialización en Sistemas Embebidos de la Universidad de Buenos Aires},
  url = {http://laboratorios.fi.uba.ar/lse/especializacion.html},
  note = {Disponible: 2018-11-29},
  year = {2012}
}

@misc{CeseTesisEric,
  author = {{Eric Nicolás Pernia}},
  title = {Desarrollo de Firmware y Software para programar la CIAA en lenguaje JAVA con aplicación en entornos Industriales},
  url = {http://laboratorios.fi.uba.ar/lse/tesis/LSE-FIUBA-Trabajo-Final-CESE-Eric-Pernia-2015.pdf},
  note = {Disponible: 2018-11-29},
  year = {2015}
}

@misc{Java,
  author = {{Java}},
  title = {Lenguaje de programación Java desarrollado por James Gosling, de Sun Microsystems},
  url = {https://www.java.com/},
  note = {Disponible: 2018-11-29},
  year = {1995}
}

@misc{EDUCIAA,
  author = {{EDU-CIAA-NXP}},
  title = {Plataforma educativa del Proyecto CIAA},
  url = {http://www.proyectociaa.com.ar/devwiki/doku.php?id=desarrollo:edu-ciaa:edu-ciaa-nxp},
  note = {Disponible: 2018-11-29},
  year = {2015}
}

@misc{CIAANXP,
  author = {{CIAA-NXP}},
  title = {Plataforma industrial del Proyecto CIAA},
  url = {http://www.proyectociaa.com.ar/devwiki/doku.php?id=desarrollo:hardware:ciaa_nxp:ciaa_nxp_inicio},
  note = {Disponible: 2018-11-29},
  year = {2014}
}

@misc{BSD3clause,
  author = {{Licencia BSD de 3 cláusulas}},
  title = {Licencia de software de código abierto},
  url = {https://opensource.org/licenses/BSD-3-Clause},
  year = {1988}
}

@misc{sAPIgit,
  author = {{Biblioteca sAPI}},
  title = {Biblioteca para programación de sistemas embebidos creada por Eric Pernia},
  url = {https://github.com/epernia/sapi},
  note = {Disponible: 2018-11-29},
  year = {2015}
}

@MISC{ciaaFirmwareV2,
   author =	{{Proyecto CIAA}},
   title =	{CIAA Firmware V2 Project.},
   url =		{https://github.com/ciaa/Firmware_v2},
   note = {Disponible: 2018-11-29},
  year = {2016}
 }

@MISC{ws-ridolfi,
   author =	{Pablo Ridolfi},
   title = {Embedded software development workspace for microcontrollers.},
   url = {https://github.com/pridolfi/workspace},
   note = {Disponible: 2018-11-29},
 }

@misc{EncuestaCeseMse,
  author = {{Dr. Ing. Ariel Lutenberg, Dr. Ing. Pablo Martín Gomez}},
  title = {Tecnologías usadas en los Trabajos Finales del Posgrado en Sistemas Embebidos: 2015-2018},
  url = {https://www.google.com/url?sa=t&rct=j&q=&esrc=s&source=web&cd=1&cad=rja&uact=8&ved=2ahUKEwj31K2MtvneAhWGHZAKHejZCe0QFjAAegQIBxAC&url=http%3A%2F%2Flaboratorios.fi.uba.ar%2Flse%2Fpostgrado-sistemas-embebidos%2FTecnologias-Trabajos-Finales-Posgrado-Sistemas-Embebidos-2015-2018.pdf&usg=AOvVaw28jvVZM89bknUhsfqYOcF8},
  note = {Disponible: 2018-11-29},
  year = {2018}
}
 
@misc{paperSapiCASE2017,
  author = {{Eric Nicolás Pernia}},
  title = {sAPI (simpleAPI), a hardware-independent C library},
  url = {https://drive.google.com/file/d/0B66P5yRqMPOtVTFtOWhHV3dhLW
M/view},
  note = {Disponible: 2018-11-29},
  year = {2017}
}

@misc{CIAAZ3R0,
  author = {{CIAA-Z3R0}},
  title = {Plataforma para robótica educativa del Proyecto CIAA},
  url = {http://www.proyecto-ciaa.com.ar/devwiki/doku.php?id=
desarrollo:ciaa-z3r0},
  note = {Disponible: 2018-11-29},
  year = {2017}
}

@MISC{ciaaHW,
   author =	{{Proyecto CIAA}},
   title = {CIAA Hardware Project.},
   url = {https://github.com/ciaa/Hardware},
   note = {Disponible: 2018-11-29},
   year = {2014}
}
 
@misc{LPC4337,
  author = {{NXP Semiconductors}},
  title = {Microcontrolador LPC4337 JBD 144},
  url = {https://www.nxp.com/products/processors-and-microcontrollers/arm-based-processors-and-mcus/lpc-cortex-m-mcus/lpc4300-cortex-m4-m0/32-bit-arm-cortex-m4-m0-mcu-up-to-1-mb-flash-and-136-kb-sram-ethernet-two-high-speed-usb-lcd-emc:LPC4337JBD144},
  note = {Disponible: 2018-11-29},
  year = {2009}
}
 
@misc{FT2232H,
  author = {{FTDI Chip}},
  title = {FT2232H},
  url = {https://www.ftdichip.com/Products/ICs/FT2232H.htm}
}

@misc{PicoCIAA,
  author = {{Pablo Ridolfi}},
  title = {Plataforma PicoCIAA del Proyecto CIAA},
  url = {http://www.proyecto-ciaa.com.ar/devwiki/doku.php?id=desarrollo:hardware:picociaa},
  note = {Disponible: 2018-11-29},
  year = {2016}
}
 
@misc{LPC54102J512BD64,
  author = {{NXP Semiconductors}},
  title = {Microcontrolador LPC54102 J512 BD64},
  url = {https://www.nxp.com/products/processors-and-microcontrollers/arm-based-processors-and-mcus/lpc-cortex-m-mcus/lpc54000-series-cortex-m4-mcus/low-power-microcontrollers-mcus-based-on-arm-cortex-m4-cores-with-optional-cortex-m0-plus-co-processor:LPC541XX?tab=Design_Tools_Tab},
  note = {Disponible: 2018-11-29},
  year = {2015}
}

@misc{LPC11U35,
  author = {{NXP Semiconductors}},
  title = {Microcontrolador LPC11U35},
  url = {https://www.google.com/url?sa=t&rct=j&q=&esrc=s&source=web&cd=1&ved=2ahUKEwiw-sbXvfneAhVFD5AKHeABA0MQFjAAegQIChAC&url=https%3A%2F%2Fwww.nxp.com%2Fdocs%2Fen%2Fdata-sheet%2FLPC11U3X.pdf&usg=AOvVaw1IVBMOc8olWYqDwqzVGsq_},
  note = {Disponible: 2018-11-29},
  year = {2015}
}
 
@misc{EFM32HG322F64,
  author = {{Silicon Labs}},
  title = {Microcontrolador EFM32HG322F64},
  url = {https://www.silabs.com/products/mcu/32-bit/efm32-happy-gecko},
  note = {Disponible: 2018-11-29},
}

@MISC{LPCOpenNXP,
   author =	{{ARM}},
   title =	{LPCOpen Libraries and Examples},
   url = {https://www.nxp.com/support/developer-resources/software-development-tools/lpc-developer-resources-/lpcopen-libraries-and-examples:LPC-OPEN-LIBRARIES},
   note = {Disponible: 2018-11-29},
}

@MISC{ARM,
   author =	{{ARM}},
   title =	{Arm technologies},
   url = {https://www.arm.com/},
   note = {Disponible: 2018-11-29},
}

@MISC{MbedGit,
   author =	{{ARM}},
   title =	{Mbed OS},
   url = {https://www.mbed.com/en/},
   note = {Disponible: 2018-11-29},
}

@MISC{LPCXpresso4337board,
   author =	{{NXP Semiconductors}},
   title =	{LPCXpresso4337 board},
   url = {https://os.mbed.com/platforms/LPCXpresso4337/},
   note = {Disponible: 2018-11-29},
}

@MISC{EFM32HGboard,
   author =	{{Silicon Labs}},
   title =	{EFM32HG USB Enable board},
   url = {https://os.mbed.com/platforms/EFM32-Happy-Gecko/},
   note = {Disponible: 2018-11-29},
}

@MISC{LPCXpresso54114board,
   author =	{{NXP Semiconductors}},
   title =	{LPCXpresso54114 board},
   url = {https://os.mbed.com/platforms/LPCXpresso54114/},
   note = {Disponible: 2018-11-29},
}

@misc{MCUXpresso,
  author = {{NXP Semiconductors}},
  title = {MCUXpresso Software Development Kit (SDK)},
  url = {https://www.nxp.com/support/developer-resources/software-development-tools/mcuxpresso-software-and-tools/mcuxpresso-software-development-kit-sdk:MCUXpresso-SDK},
  note = {Disponible: 2018-11-29},
}

@misc{EmLibSiliconLabs,
  author = {{Silicon Labs}},
  title = {Bibliotecas para la familia de microcontroladores EFM32HG},
  url = {https://siliconlabs.github.io/Gecko_SDK_Doc/efm32hg/html/index.html},
  note = {Disponible: 2018-11-29},
}

@misc{JSON,
  author = {{JSON}},
  title = {Formato JavaScript Object Notation},
  url = {https://www.json.org/},
  note = {Disponible: 2018-11-29},
}

@misc{MicroPythonLib,
  author = {{MicroPython}},
  title = {MicroPython libraries},
  url = {https://docs.micropython.org/en/latest/library/machine.html},
  note = {Disponible: 2018-11-29},
}

@misc{STM32hal,
  author = {{STM}},
  title = {STM32 HAL},
  url = {https://www.st.com/resource/en/user_manual/dm00105879.pdf},
  note = {Disponible: 2018-11-29},
}

@misc{RUSTEmbeddedHAL,
  author = {{RUST}},
  title = {RUST Embedded HAL},
  url = {https://os.mbed.com/docs/v5.10/},
  note = {Disponible: 2018-11-29},
}

@misc{MbedOSdrivers,
  author = {{ARM}},
  title = {Mbed OS drivers API},
  url = {https://os.mbed.com/docs/v5.10/},
  note = {Disponible: 2018-11-29}
}

@misc{ChibiOShal,
  author = {{ChibiOS}},
  title = {HAL},
  url = {http://www.chibios.org/dokuwiki/doku.php?id=chibios:product:hal:start},
  note = {Disponible: 2018-11-29}
}

@misc{PicoAPI,
  author = {{Pablo Ridolfi}},
  title = {PicoFirmware release 1.0.0},
  url = {https://github.com/picociaa/picoFirmware},
  note = {Disponible: 2018-11-29},
  year = {2016}
}

@misc{JavaScript,
  author = {{JavaScript}},
  title = {Lenguaje de programación desarrollado por Netscape Communications Corp},
  url = {https://es.wikipedia.org/wiki/JavaScript},
  note = {Disponible: 2018-11-29},
  year = {1995}
}

@misc{NodeJS,
  author = {{NodeJS}},
  title = {Entorno de ejecución para JavaScript construido con el motor de JavaScript V8 de Chrome},
  url = {https://nodejs.org/es/},
  note = {Disponible: 2018-11-29}
}

 